@Misc{HTTP,
	author = "R. T. Fielding and others",
	title = "Hypertext Transfer Protocol -- HTTP/1.1",
	url = "https://tools.ietf.org/html/rfc2616",
	year = "1999",
	month = Jun,
	note = "[Online; visited 10.12.2017]"
}

@Misc{W3CWebServices,
	author = "W3C",
	title = "Web Services Glossary ยง Web Service",
	url = "https://www.w3.org/TR/2004/NOTE-ws-gloss-20040211/#webservice",
	year = "2004",
	month = Feb,
	note = "[Online; visited 10.12.2017]"
}

@MasterThesis{FieldingDissertation,
    author = "R. T. Fielding",
    title = "Architectural Styles and the Design of Network-based Software Architectures [dissertation]",
    year = "2000",
    cited = "!2017-12-10",
    school = "University of California, Irvine",
    howpublished = "University of California, Irvine"
}

@Misc{URI-RFC,
	author = "T. Berners-Lee",
	title = "Uniform Resource Identifiers (URI): Generic Syntax",
	url = "https://www.ietf.org/rfc/rfc2396",
	year = "1998",
	month = Aug,
	note = "[Online; visited 20.01.2018]"
}

@BOOK{RESTfulAPI,
	author =		"Leonard Richardson, Mike Amundsen, Sam Ruby",
	title =			"RESTful Web APIs: Services for a Changing World",
	publisher =		"O'Reilly Media",
	year =			"2013",
	isbn =			"978-1449358068",
}

@BOOK{TestingAPI,
	author =		"Alan J. Richardson",
	title =			"Automating and Testing a REST API: A Case Study in API testing using: Java, REST Assured, Postman, Tracks, cURL and HTTP Proxies",
	publisher =		"Compendium Developments Ltd",
	year =			"2017",
	isbn =			"978-0956733290",
}

@Misc{cURL,
	author = "Daniel Stenberg",
	title = "cURL: Command line tool and library",
	url = "https://curl.haxx.se/",
	year = "1997",
	note = "[Online; visited 13.02.2018]"
}

@Misc{Swagger,
	author = "{\relax SmartBear~Software}",
	title = "Swagger, the world's most popular API tooling",
	url = "https://swagger.io/",
	note = "[Online; visited 10.12.2017]"
}

@BOOK{Angular,
	author =		"Matt Frisbie",
	title =			"Angular 2 Cookbook",
	publisher =		"Packt Publishing",
	year =			"2017",
	isbn =			"978-1785881923",
}

@Misc{HeveryAngularJS,
	author = "M. Hevery",
	title = "Hello World, <angular/> is here",
	url = "http://misko.hevery.com/2009/09/28/hello-world-angular-is-here/",
	year = "2009",
	month = sep,
	note = "[Online; visited 17.12.2017]"
}

@BOOK{Bootstrap,
	author =		"Jake Spurlock",
	title =			"Bootstrap: Responsive Web Development",
	publisher =		"O'Reilly Media",
	year =			"2013",
	isbn =			"978-1449343910",
}
